@database{chavez_2022, 
url={https://www.kaggle.com/datasets/ivanchvez/causes-of-death-our-world-in-data}, 
author={Chavez, Ivan}, 
year={2022}
} 
@database{worldbank,
url={https://data.worldbank.org/indicator/SP.POP.TOTL},
year={2022}
} 